% references to chapters in books
@incollection{Booth:ea:2011,
  title={The literature review: its role within research},
  booktitle={Systematic approaches to a successful literature review},
  author={Booth, Andrew and Sutton, Anthea and Papaioannou, Diana},
  year={2011},
  publisher={Sage},
  chapter={1},
  pages={1--16},
  url={https://www.sagepub.com/sites/default/files/upm-binaries/43465_Booth_et_al.pdf}
}

@incollection{Hart:1998,
  title={The literature review in research},
  author={Hart, Chris},
  year={1998},
  publisher={Sage},
  booktitle={Doing a literature review: Releasing the social science research imagination},
  chapter={1},
  pages={1--25}
}

% reference to entire book
@book{Hart:1998:book,
  title={Doing a literature review: Releasing the social science research imagination},
  author={Hart, Chris},
  year={1998},
  publisher={Sage},
  url={http://www.academia.edu/download/35996527/Doing_a_L_review.pdf}
}

% references to papers in proceedings
@inproceedings{Culotta:ea:2014,
  title={Predicting the Demographics of Twitter Users from Website Traffic Data.},
  author={Culotta, Aron and Kumar, Nirmal Ravi and Cutler, Jennifer},
  booktitle={AAAI},
  pages={72--78},
  year={2015}
}

